<?xml version="1.0" encoding="UTF-8"?><record xmlns="http://www.loc.gov/MARC21/slim" xmlns:cinclude="http://apache.org/cocoon/include/1.0" xmlns:zs="http://www.loc.gov/zing/srw/">
  <leader>00418nz  a2200121n  4500</leader>
  <controlfield tag="001">n  96100072 </controlfield>
  <controlfield tag="003">DLC</controlfield>
  <controlfield tag="005">19961016071317.7</controlfield>
  <controlfield tag="008">961016n| acannaab|          |n aaa |||  </controlfield>
  <datafield tag="010" ind1=" " ind2=" ">
    <subfield code="a">n  96100072 </subfield>
  </datafield>
  <datafield tag="040" ind1=" " ind2=" ">
    <subfield code="a">DLC</subfield>
    <subfield code="c">DLC</subfield>
  </datafield>
  <datafield tag="100" ind1="1" ind2="0">
    <subfield code="a">Bowden, John,</subfield>
    <subfield code="d">1717-1788</subfield>
  </datafield>
  <datafield tag="670" ind1=" " ind2=" ">
    <subfield code="a">The John Bowden family of Virginia, North Carolina, Tennessee, 199-:</subfield>
    <subfield code="b">p. 1 (b. Mar. 10, 1717) p. 3 (lived in the Isle of Wight County, Va.; d. Sept. 5, 1788)</subfield>
  </datafield>
</record>